@article{thiemann2019,
	author = {Thiemann, Peter and Vasconcelos, Vasco T.},
	title = {Label-Dependent Session Types},
	year = {2019},
	issue_date = {January 2020},
	publisher = {Association for Computing Machinery},
	address = {New York, NY, USA},
	volume = {4},
	number = {POPL},
	doi = {10.1145/3371135},
	journal = {Proc. ACM Program. Lang.},
	month = dec,
	articleno = {67},
	numpages = {29},
	keywords = {linear types, dependent types, session types}
}

@article{fu2021,
	author = {Fu, Weili and Krause, Fabian and Thiemann, Peter},
	title = {Label Dependent Lambda Calculus and Gradual Typing},
	year = {2021},
	issue_date = {October 2021},
	publisher = {Association for Computing Machinery},
	address = {New York, NY, USA},
	volume = {5},
	number = {OOPSLA},
	doi = {10.1145/3485485},
	journal = {Proc. ACM Program. Lang.},
	month = oct,
	articleno = {108},
	numpages = {29},
	keywords = {dependent types, gradual type systems, subtyping}
}

@book{pierce2002,
	author = {Pierce, Benjamin C.},
	title = {Types and Programming Languages},
	year = {2002},
	isbn = {0262162091},
	publisher = {The MIT Press},
	edition = {1st},
}

@inproceedings{eisenberg2012,
    author = {Richard A. Eisenberg and Stephanie Weirich},
    title = {Dependently typed programming with singletons},
    booktitle = {In Haskell},
    year = {2012}
}

@online{le2017,
	author = {Justin Le},
	title = {Introduction to Singletons (Part 1)},
	date = {2017-12-22},
	url = {https://blog.jle.im/entry/introduction-to-singletons-1.html},
	urldate = {2021-11-29}
}

@inproceedings{aspinall1995,
	author="Aspinall, David",
	editor="Pacholski, Leszek and Tiuryn, Jerzy",
	title="Subtyping with singleton types",
	booktitle="Computer Science Logic",
	year="1995",
	publisher="Springer Berlin Heidelberg",
	address="Berlin, Heidelberg",
	pages="1--15",
	isbn="978-3-540-49404-1"
}

@article{stone2006,
	author = {Stone, Christopher A. and Harper, Robert},
	title = {Extensional Equivalence and Singleton Types},
	year = {2006},
	issue_date = {October 2006},
	publisher = {Association for Computing Machinery},
	address = {New York, NY, USA},
	volume = {7},
	number = {4},
	issn = {1529-3785},
	doi = {10.1145/1183278.1183281},
	journal = {ACM Trans. Comput. Logic},
	month = {oct},
	pages = {676–722},
	numpages = {47},
	keywords = {Singleton types, equivalence algorithms, logical relations}
}

@article{aspinall2001,
	title = {Subtyping dependent types},
	journal = {Theoretical Computer Science},
	volume = {266},
	number = {1},
	pages = {273-309},
	year = {2001},
	issn = {0304-3975},
	doi = {10.1016/S0304-3975(00)00175-4},
	author = {David Aspinall and Adriana Compagnoni},
	keywords = {Type theory, Dependent types, Subtyping},
}
@article{gayvasconcelos2010,
    title={Linear type theory for asynchronous session types},
    volume={20},
    DOI={10.1017/S0956796809990268},
    number={1},
    journal={Journal of Functional Programming},
    publisher={Cambridge University Press},
    author={Gay, Simon J. and Vasconcelos, Vasco T.},
    year={2010},
    pages={19–50}}

@article{crary2002,
    title={Intensional polymorphism in type-erasure semantics},
    volume={12},
    DOI={10.1017/S0956796801004282},
    number={6},
    journal={Journal of Functional Programming},
    publisher={Cambridge University Press},
    author={Crary, Karl and Weirich, Stephanie and Morrisett, Greg},
    year={2002},
    pages={567–600}}

@book{peytonjones1987the,
    author = {Peyton Jones, Simon},
    title = {The Implementation of Functional Programming Languages},
    year = {1987},
    month = {January},
    publisher = {Prentice Hall}}
